@Article{Papageorgiou:001,
author = {Constantine P. Papageorgiou},
title = {Japanese word segmentation by hidden Markov model},
journal = {Proceedings of the workshop on Human Language Technology},
volume = {HLT â€™94},
year = {1994}
}
